
@Book{branden1999introduction,
  title = "Introduction to protein structure",
  publisher = "Garland Science",
  year = "1999",
  author = "Branden, Carl Ivar and others"
}

@BOOK{burkowski2008structural,
	title = "Structural bioinformatics: an algorithmic approach",
	publisher = "CRC Press",
	year = "2008",
	author = "Burkowski, Forbes J",
}
@ARTICLE{holm1996mapping,
	author = "Holm, Liisa and Sander, Chris",
	title = "Mapping the protein universe",
	journal = "Science",
	year = "1996",
	volume = "273",
	pages = "595",
	number = "5275",
	publisher = "The American Association for the Advancement of Science"
}
@ARTICLE{maiti2004superpose,
	author = "Maiti, Rajarshi and Van Domselaar, Gary H and Zhang, Haiyan and Wishart,
	David S",
	title = "SuperPose: a simple server for sophisticated structural superposition",
	journal = "Nucleic acids research",
	year = "2004",
	volume = "32",
	pages = "W590--W594",
	number = "suppl 2",
	publisher = "Oxford Univ Press"
}
@ARTICLE{orengo199636,
	author = "Orengo, Christine A and Taylor, William R",
	title = "SSAP: sequential structure alignment program for protein structure comparison",
	journal = "Methods in enzymology",
	year = "1996",
	volume = "266",
	pages = "617--635",
	publisher = "Elsevier"
}
@BOOK {ethemalpaydin2010,
	author    = "Ethem Alpaydin",
	title     = "Introduction to Machine Learning",
	publisher = "The MIT Press",
	year      = "2010",
	edition   = "Second edition"
}

@BOOK {tommitchell,
	author    = "Thomas M. Mitchell",
	title     = "Machine Learning",
	publisher = "McGraw-Hill, Inc.",
	year      = "1997",
	edition   = "First edition"
}

@inproceedings{ester1996density,
	title="A density-based algorithm for discovering clusters in large spatial databases with noise.",
	author="Ester, Martin and Kriegel, Hans-Peter and Sander, J{\"o}rg and Xu, Xiaowei and others",
	booktitle="Kdd",
	volume="96",
	number="34",
	pages="226--231",
	year="1996"
}

@article{frey2007clustering,
	title="Clustering by passing messages between data points",
	author="Frey, Brendan J and Dueck, Delbert",
	journal="science",
	volume="315",
	number="5814",
	pages="972--976",
	year="2007",
	publisher="American Association for the Advancement of Science"
}

@article{henikoff1992amino,
	title="Amino acid substitution matrices from protein blocks",
	author="Henikoff, Steven and Henikoff, Jorja G",
	journal="Proceedings of the National Academy of Sciences",
	volume="89",
	number="22",
	pages="10915--10919",
	year="1992",
	publisher="National Acad Sciences"
}

@article{needleman1970general,
	title="A general method applicable to the search for similarities in the amino acid sequence of two proteins",
	author="Needleman, Saul B and Wunsch, Christian D",
	journal="Journal of molecular biology",
	volume="48",
	number="3",
	pages="443--453",
	year="1970",
	publisher="Elsevier"
}

@article{smith1981identification,
	title="Identification of common molecular subsequences",
	author="Smith, Temple F and Waterman, Michael S",
	journal="Journal of molecular biology",
	volume="147",
	number="1",
	pages="195--197",
	year="1981",
	publisher="Elsevier"
}

@ARTICLE{ponting2002natural,
  author = "Ponting, Chris P and Russell, Robert R",
  title = "The natural history of protein domains",
  journal = "Annual review of biophysics and biomolecular structure",
  year = "2002",
  volume = "31",
  pages = "45--71",
  number = "1",
  publisher = "Annual Reviews 4139 El Camino Way"
}
@article{hauser2013kclust,
	title="kClust: fast and sensitive clustering of large protein sequence databases",
	author="Hauser, Maria and Mayer, Christian E and S{\"o}ding, Johannes",
	journal="BMC bioinformatics",
	volume="14",
	number="1",
	pages="248",
	year="2013",
	publisher="BioMed Central"
}

@article{altschul1990basic,
	title="Basic local alignment search tool",
	author="Altschul, Stephen F and Gish, Warren and Miller, Webb and Myers, Eugene W and Lipman, David J",
	journal="Journal of molecular biology",
	volume="215",
	number="3",
	pages="403--410",
	year="1990",
	publisher="Elsevier"
}
@article{rousseeuw1987silhouettes,
  title="Silhouettes: a graphical aid to the interpretation and validation of cluster analysis",
  author="Rousseeuw, Peter J",
  journal="Journal of computational and applied mathematics",
  volume="20",
  pages="53--65",
  year="1987",
  publisher="Elsevier"
}
@book{duda2012pattern,
  title="Pattern classification",
  author="Duda, Richard O and Hart, Peter E and Stork, David G",
  year="2012",
  publisher="John Wiley \& Sons"
}
@incollection{rokach2005clustering,
  title="Clustering methods",
  author="Rokach, Lior and Maimon, Oded",
  booktitle="Data mining and knowledge discovery handbook",
  pages="321--352",
  year="2005",
  publisher="Springer"
}
@article{zhang2004scoring,
  title="Scoring function for automated assessment of protein structure template quality",
  author="Zhang, Yang and Skolnick, Jeffrey",
  journal="Proteins: Structure, Function, and Bioinformatics",
  volume="57",
  number="4",
  pages="702--710",
  year="2004",
  publisher="Wiley Online Library"
}
@article{zemla2003lga,
  title="LGA: a method for finding 3D similarities in protein structures",
  author="Zemla, Adam",
  journal="Nucleic acids research",
  volume="31",
  number="13",
  pages="3370--3374",
  year="2003",
  publisher="Oxford University Press"
}
@incollection{kufareva2011methods,
  title="Methods of protein structure comparison",
  author="Kufareva, Irina and Abagyan, Ruben",
  booktitle="Homology Modeling",
  pages="231--257",
  year="2011",
  publisher="Springer"
}
@article{kabsch1976solution,
  title="A solution for the best rotation to relate two sets of vectors",
  author="Kabsch, Wolfgang",
  journal="Acta Crystallographica Section A: Crystal Physics, Diffraction, Theoretical and General Crystallography",
  volume="32",
  number="5",
  pages="922--923",
  year="1976",
  publisher="International Union of Crystallography"
}
@incollection{dayhoff197822,
  title="22 A Model of Evolutionary Change in Proteins",
  author="Dayhoff, MO and Schwartz, RM and Orcutt, BC",
  booktitle="Atlas of protein sequence and structure",
  volume="5",
  pages="345--352",
  year="1978",
  publisher="National Biomedical Research Foundation Silver Spring, MD"
}
@article{jain1999data,
  title="Data clustering: a review",
  author="Jain, Anil K and Murty, M Narasimha and Flynn, Patrick J",
  journal="ACM computing surveys (CSUR)",
  volume="31",
  number="3",
  pages="264--323",
  year="1999",
  publisher="Acm"
}
@inproceedings{ertoz2003finding,
  title="Finding clusters of different sizes, shapes, and densities in noisy, high dimensional data",
  author="Ert{\"o}z, Levent and Steinbach, Michael and Kumar, Vipin",
  booktitle="Proceedings of the 2003 SIAM International Conference on Data Mining",
  pages="47--58",
  year="2003",
  organization="SIAM"
}
@article{jarvis1973clustering,
  title="Clustering using a similarity measure based on shared near neighbors",
  author="Jarvis, Raymond Austin and Patrick, Edward A",
  journal="IEEE Transactions on computers",
  volume="100",
  number="11",
  pages="1025--1034",
  year="1973",
  publisher="IEEE"
}
@article{floyd1962algorithm,
  title="Algorithm 97: shortest path",
  author="Floyd, Robert W",
  journal="Communications of the ACM",
  volume="5",
  number="6",
  pages="345",
  year="1962",
  publisher="ACM"
}
@article{srivastava2016efficient,
  title="An efficient algorithm for protein structure comparison using elastic shape analysis",
  author="Srivastava, Sumit and Lal, Shashi Bhushan and Mishra, DC and Angadi, UB and Chaturvedi, KK and Rai, Shesh N and Rai, Anil",
  journal="Algorithms for Molecular Biology",
  volume="11",
  number="1",
  pages="27",
  year="2016",
  publisher="BioMed Central"
}
@article{liu2011mathematical,
  title="A mathematical framework for protein structure comparison",
  author="Liu, Wei and Srivastava, Anuj and Zhang, Jinfeng",
  journal="PLoS computational biology",
  volume="7",
  number="2",
  pages="e1001075",
  year="2011",
  publisher="Public Library of Science"
}
@article{holm1993protein,
  title={Protein structure comparison by alignment of distance matrices},
  author={Holm, Liisa and Sander, Chris},
  journal={Journal of molecular biology},
  volume={233},
  number={1},
  pages={123--138},
  year={1993},
  publisher={Elsevier}
}
@article{ortiz2002mammoth,
  title={MAMMOTH (matching molecular models obtained from theory): an automated method for model comparison},
  author={Ortiz, Angel R and Strauss, Charlie EM and Olmea, Osvaldo},
  journal={Protein Science},
  volume={11},
  number={11},
  pages={2606--2621},
  year={2002},
  publisher={Wiley Online Library}
}
@article{mosca2008alignment,
  title={Alignment of protein structures in the presence of domain motions},
  author={Mosca, Roberto and Brannetti, Barbara and Schneider, Thomas R},
  journal={BMC bioinformatics},
  volume={9},
  number={1},
  pages={352},
  year={2008},
  publisher={BioMed Central}
}
@inproceedings{krissinel2003protein,
  title={Protein structure comparison in 3D based on secondary structure matching (SSM) followed by C-alpha alignment, scored by a new structural similarity function},
  author={Krissinel, E and Henrick, K},
  booktitle={Proceedings of the 5th international conference on molecular structural biology},
  volume={88},
  year={2003},
  organization={Vienna}
}
@article{gibrat1996surprising,
  title={Surprising similarities in structure comparison},
  author={Gibrat, Jean-Francois and Madej, Thomas and Bryant, Stephen H},
  journal={Current opinion in structural biology},
  volume={6},
  number={3},
  pages={377--385},
  year={1996},
  publisher={Elsevier}
}
@article{dror2003mass,
  title={MASS: multiple structural alignment by secondary structures},
  author={Dror, Oranit and Benyamini, Hadar and Nussinov, Ruth and Wolfson, H},
  journal={Bioinformatics},
  volume={19},
  number={suppl\_1},
  pages={i95--i104},
  year={2003},
  publisher={Oxford University Press}
}
@article{zhu2005fast,
  title={FAST: a novel protein structure alignment algorithm},
  author={Zhu, Jianhua and Weng, Zhiping},
  journal={PROTEINS: Structure, Function, and Bioinformatics},
  volume={58},
  number={3},
  pages={618--627},
  year={2005},
  publisher={Wiley Online Library}
}
@article{teichert2007sabertooth,
  title={SABERTOOTH: protein structural alignment based on a vectorial structure representation},
  author={Teichert, Florian and Bastolla, Ugo and Porto, Markus},
  journal={BMC bioinformatics},
  volume={8},
  number={1},
  pages={425},
  year={2007},
  publisher={BioMed Central}
}
@article{zhang2005tm,
  title={TM-align: a protein structure alignment algorithm based on the TM-score},
  author={Zhang, Yang and Skolnick, Jeffrey},
  journal={Nucleic acids research},
  volume={33},
  number={7},
  pages={2302--2309},
  year={2005},
  publisher={Oxford University Press}
}
@article{ebert2006development,
  title={Development and validation of a consistency based multiple structure alignment algorithm},
  author={Ebert, Jessica and Brutlag, Douglas},
  journal={Bioinformatics},
  volume={22},
  number={9},
  pages={1080--1087},
  year={2006},
  publisher={Oxford University Press}
}
@article{ye2005multiple,
  title={Multiple flexible structure alignment using partial order graphs},
  author={Ye, Yuzhen and Godzik, Adam},
  journal={Bioinformatics},
  volume={21},
  number={10},
  pages={2362--2369},
  year={2005},
  publisher={Oxford University Press}
}
@article{shatsky2004method,
  title={A method for simultaneous alignment of multiple protein structures},
  author={Shatsky, Maxim and Nussinov, Ruth and Wolfson, Haim J},
  journal={Proteins: Structure, Function, and Bioinformatics},
  volume={56},
  number={1},
  pages={143--156},
  year={2004},
  publisher={Wiley Online Library}
}
@article{ochagavia2004progressive,
  title="Progressive combinatorial algorithm for multiple structural alignments: application to distantly related proteins",
  author="Ochagavia, Maria Elena and Wodak, Shoshana",
  journal="Proteins: Structure, Function, and Bioinformatics",
  volume="55",
  number="2",
  pages="436--454",
  year="2004",
  publisher="Wiley Online Library"
}
@article{konagurthu2006mustang,
  title="MUSTANG: a multiple structural alignment algorithm",
  author="Konagurthu, Arun S and Whisstock, James C and Stuckey, Peter J and Lesk, Arthur M",
  journal="Proteins: Structure, Function, and Bioinformatics",
  volume="64",
  number="3",
  pages="559--574",
  year="2006",
  publisher="Wiley Online Library"
}
@article{lipman1985rapid,
  title={Rapid and sensitive protein similarity searches},
  author={Lipman, David J and Pearson, William R},
  journal={Science},
  volume={227},
  number={4693},
  pages={1435--1441},
  year={1985},
  publisher={American Association for the Advancement of Science}
}
@article{chenna2003multiple,
  title={Multiple sequence alignment with the Clustal series of programs},
  author={Chenna, Ramu and Sugawara, Hideaki and Koike, Tadashi and Lopez, Rodrigo and Gibson, Toby J and Higgins, Desmond G and Thompson, Julie D},
  journal={Nucleic acids research},
  volume={31},
  number={13},
  pages={3497--3500},
  year={2003},
  publisher={Oxford University Press}
}
@misc{delano2002pymol,
  title={PyMOL},
  author={DeLano, Warren Lyford},
  year={2002}
}
@article{halperin2002principles,
  title={Principles of docking: An overview of search algorithms and a guide to scoring functions},
  author={Halperin, Inbal and Ma, Buyong and Wolfson, Haim and Nussinov, Ruth},
  journal={Proteins: Structure, Function, and Bioinformatics},
  volume={47},
  number={4},
  pages={409--443},
  year={2002},
  publisher={Wiley Online Library}
}
@article{li2013difficulty,
  title={The difficulty of protein structure alignment under the RMSD},
  author={Li, Shuai Cheng},
  journal={Algorithms for Molecular Biology},
  volume={8},
  number={1},
  pages={1},
  year={2013},
  publisher={BioMed Central}
}
@article{altschul1997gapped,
  title={Gapped BLAST and PSI-BLAST: a new generation of protein database search programs},
  author={Altschul, Stephen F and Madden, Thomas L and Sch{\"a}ffer, Alejandro A and Zhang, Jinghui and Zhang, Zheng and Miller, Webb and Lipman, David J},
  journal={Nucleic acids research},
  volume={25},
  number={17},
  pages={3389--3402},
  year={1997},
  publisher={Oxford University Press}
}
@article{pearson2013introduction,
  title={An introduction to sequence similarity (“homology”) searching},
  author={Pearson, William R},
  journal={Current protocols in bioinformatics},
  pages={3--1},
  year={2013},
  publisher={Wiley Online Library}
}
@article{Hunter2007,
  Author    = {Hunter, J. D.},
  Title     = {Matplotlib: A 2D graphics environment},
  Journal   = {Computing In Science \& Engineering},
  Volume    = {9},
  Number    = {3},
  Pages     = {90--95},
  abstract  = {Matplotlib is a 2D graphics package used for Python
  for application development, interactive scripting, and
  publication-quality image generation across user
  interfaces and operating systems.},
  publisher = {IEEE COMPUTER SOC},
  doi = {10.1109/MCSE.2007.55},
  year      = 2007
}
@article{scikitlearn,
 title={Scikit-learn: Machine Learning in {P}ython},
 author={Pedregosa, F. and Varoquaux, G. and Gramfort, A. and Michel, V.
         and Thirion, B. and Grisel, O. and Blondel, M. and Prettenhofer, P.
         and Weiss, R. and Dubourg, V. and Vanderplas, J. and Passos, A. and
         Cournapeau, D. and Brucher, M. and Perrot, M. and Duchesnay, E.},
 journal={Journal of Machine Learning Research},
 volume={12},
 pages={2825--2830},
 year={2011}
}
@Misc{scipy2001,
  author =    {Eric Jones and Travis Oliphant and Pearu Peterson and others},
  title =     {{SciPy}: Open source scientific tools for {Python}},
  year =      {2001--},
  url = "http://www.scipy.org/",
}
@article{sillitoe2014cath,
  title={CATH: comprehensive structural and functional annotations for genome sequences},
  author={Sillitoe, Ian and Lewis, Tony E and Cuff, Alison and Das, Sayoni and Ashford, Paul and Dawson, Natalie L and Furnham, Nicholas and Laskowski, Roman A and Lee, David and Lees, Jonathan G and others},
  journal={Nucleic acids research},
  volume={43},
  number={D1},
  pages={D376--D381},
  year={2014},
  publisher={Oxford University Press}
}
@article{murzin1995scop,
  title={SCOP: a structural classification of proteins database for the investigation of sequences and structures},
  author={Murzin, Alexey G and Brenner, Steven E and Hubbard, Tim and Chothia, Cyrus},
  journal={Journal of molecular biology},
  volume={247},
  number={4},
  pages={536--540},
  year={1995},
  publisher={Elsevier}
}
@article{siew2000maxsub,
  title={MaxSub: an automated measure for the assessment of protein structure prediction quality},
  author={Siew, Naomi and Elofsson, Arne and Rychlewski, Leszek and Fischer, Daniel},
  journal={Bioinformatics},
  volume={16},
  number={9},
  pages={776--785},
  year={2000},
  publisher={Oxford University Press}
}
@article{andonov2011maximum,
  title={Maximum contact map overlap revisited},
  author={Andonov, Rumen and Malod-Dognin, No{\"e}l and Yanev, Nicola},
  journal={Journal of Computational Biology},
  volume={18},
  number={1},
  pages={27--41},
  year={2011},
  publisher={Mary Ann Liebert}
}
@article{poleksic2009algorithms,
  title={Algorithms for optimal protein structure alignment},
  author={Poleksic, Aleksandar},
  journal={Bioinformatics},
  volume={25},
  number={21},
  pages={2751--2756},
  year={2009},
  publisher={Oxford University Press}
}
@article{shindyalov1998protein,
  title={Protein structure alignment by incremental combinatorial extension (CE) of the optimal path.},
  author={Shindyalov, Ilya N and Bourne, Philip E},
  journal={Protein engineering},
  volume={11},
  number={9},
  pages={739--747},
  year={1998}
}
@article{kundrotas2009gwidd,
  title={GWIDD: genome-wide protein docking database},
  author={Kundrotas, Petras J and Zhu, Zhengwei and Vakser, Ilya A},
  journal={Nucleic acids research},
  volume={38},
  number={suppl\_1},
  pages={D513--D517},
  year={2009},
  publisher={Oxford University Press}
}
@article{uniprot2014uniprot,
  title={UniProt: a hub for protein information},
  author={UniProt Consortium},
  journal={Nucleic acids research},
  volume={43},
  number={D1},
  pages={D204--D212},
  year={2014},
  publisher={Oxford University Press}
}
@article{berman2000protein,
  title={The Protein Data Bank Nucleic Acids Research, 28, 235-242},
  author={Berman, HM and Westbrook, J and Feng, Z and Gilliland, G and Bhat, TN and Weissig, H and Shindyalov, IN and Bourne, PE},
  journal={URL: www. rcsb. org Citation},
  year={2000}
}
@article{knudsen2010cath,
  title={The CATH database},
  author={Knudsen, Michael and Wiuf, Carsten},
  journal={Human genomics},
  volume={4},
  number={3},
  pages={207},
  year={2010},
  publisher={BioMed Central}
}
@article{janin2005assessing,
  title={Assessing predictions of protein--protein interaction: the CAPRI experiment},
  author={Janin, Jo{\"e}l},
  journal={Protein science},
  volume={14},
  number={2},
  pages={278--283},
  year={2005},
  publisher={Wiley Online Library}
}
@article{kassambara2016factoextra,
  title={Factoextra: extract and visualize the results of multivariate data analyses},
  author={Kassambara, Alboukadel and Mundt, Fabian},
  journal={R package version},
  volume={1},
  number={3},
  year={2016}
}

@article{hahsler2017dbscan,
  title={dbscan: Density Based Clustering of Applications with Noise (DBSCAN) and Related Algorithms},
  author={Hahsler, Michael and Piekenbrock, M and Arya, S and Mount, D},
  journal={R package version},
  pages={1--0},
  year={2017}
}

@Manual{ppclust2018,
	title = {{ppclust}: Probabilistic and Possibilistic Cluster
	  Analysis},
	author = {Zeynel Cebeci and Figen Yildiz and A. Tuna Kavlak and
	  Cagatay Cebeci and Hasan Onder},
	year = {2018},
	note = {R package version 0.1.1},
	url = {https://CRAN.R-project.org/package=ppclust},
 }
  
 @article{moult1995large,
  title={A large-scale experiment to assess protein structure prediction methods},
  author={Moult, John and Pedersen, Jan T and Judson, Richard and Fidelis, Krzysztof},
  journal={Proteins: Structure, Function, and Bioinformatics},
  volume={23},
  number={3},
  pages={ii--iv},
  year={1995},
  publisher={Wiley Online Library}
}

@inproceedings{rosenberg2007v,
  title={V-measure: A conditional entropy-based external cluster evaluation measure},
  author={Rosenberg, Andrew and Hirschberg, Julia},
  booktitle={Proceedings of the 2007 joint conference on empirical methods in natural language processing and computational natural language learning (EMNLP-CoNLL)},
  year={2007}
}

@article{calinski1974dendrite,
  title={A dendrite method for cluster analysis},
  author={Cali{\'n}ski, Tadeusz and Harabasz, Jerzy},
  journal={Communications in Statistics-theory and Methods},
  volume={3},
  number={1},
  pages={1--27},
  year={1974},
  publisher={Taylor \& Francis}
}

@article{vinh2010information,
  title={Information theoretic measures for clusterings comparison: Variants, properties, normalization and correction for chance},
  author={Vinh, Nguyen Xuan and Epps, Julien and Bailey, James},
  journal={Journal of Machine Learning Research},
  volume={11},
  number={Oct},
  pages={2837--2854},
  year={2010}
}

@article{hubert1985comparing,
  title={Comparing partitions},
  author={Hubert, Lawrence and Arabie, Phipps},
  journal={Journal of classification},
  volume={2},
  number={1},
  pages={193--218},
  year={1985},
  publisher={Springer}
}

@article{cock2009biopython,
  title={Biopython: freely available Python tools for computational molecular biology and bioinformatics},
  author={Cock, Peter JA and Antao, Tiago and Chang, Jeffrey T and Chapman, Brad A and Cox, Cymon J and Dalke, Andrew and Friedberg, Iddo and Hamelryck, Thomas and Kauff, Frank and Wilczynski, Bartek and others},
  journal={Bioinformatics},
  volume={25},
  number={11},
  pages={1422--1423},
  year={2009},
  publisher={Oxford University Press}
}

@article{holland2008biojava,
  title={BioJava: an open-source framework for bioinformatics},
  author={Holland, Richard CG and Down, Thomas A and Pocock, Matthew and Prli{\'c}, Andreas and Huen, David and James, Keith and Foisy, Sylvain and Dr{\"a}ger, Andreas and Yates, Andy and Heuer, Michael and others},
  journal={Bioinformatics},
  volume={24},
  number={18},
  pages={2096--2097},
  year={2008},
  publisher={Oxford University Press}
}

@article{prlic2010pre,
  title={Pre-calculated protein structure alignments at the RCSB PDB website},
  author={Prli{\'c}, Andreas and Bliven, Spencer and Rose, Peter W and Bluhm, Wolfgang F and Bizon, Chris and Godzik, Adam and Bourne, Philip E},
  journal={Bioinformatics},
  volume={26},
  number={23},
  pages={2983--2985},
  year={2010},
  publisher={Oxford University Press}
}

@article{jamroz2013clusco,
  title={ClusCo: clustering and comparison of protein models},
  author={Jamroz, Michal and Kolinski, Andrzej},
  journal={BMC bioinformatics},
  volume={14},
  number={1},
  pages={62},
  year={2013},
  publisher={BioMed Central}
}

@misc{herbert2008maxcluster,
  title={MaxCluster: a tool for protein structure comparison and clustering},
  author={Herbert, A and Sternberg, MJE},
  year={2008}
}

@article{walt2011numpy,
  title={The NumPy array: a structure for efficient numerical computation},
  author={Walt, St{\'e}fan van der and Colbert, S Chris and Varoquaux, Gael},
  journal={Computing in Science \& Engineering},
  volume={13},
  number={2},
  pages={22--30},
  year={2011},
  publisher={IEEE}
}

